@article{ref_01,
  author  = {Watson, James and Crick, Francis},
  title   = {Molecular structure of nucleic acids},
  journal = {Nature},
  year    = {1953},
  number  = {4356},
  pages   = {737-738},
  volume  = {171},
  note    = {Notas opcionales}
}

@online{ref_02,
  author  = {Carlos Adrián Jiménez Carballo},
  title   = {MOVIMIENTO ARMÓNICO SIMPLE (MAS)},
  year    = {1984},
  url     = {https://repositoriotec.tec.ac.cr/bitstream/handle/2238/10191/MAS.pdf?sequence=1&isAllowed=y},
  urldate = {2019-06-30}
}

@book{ref_03,
  title    = {Metodología de la Investigación},
  year     = {2014},
  author   = {Roberto Hernández Sampieri and Carlos Fernández Collado and Pilar Baptista Lucio},
  editor   = {Mc Graw-Hill / Interamericana},
  address  = {México},
  edition  = {6},
  keywords = {Meto}
}

@article{ref_04,
  author  = {Shibata, A. and Sozen, M. A.},
  title   = {The Substitute Structure Method for Earthquake-Resistant Design of Reinforced Concrete Frames},
  journal = {Research Applied to National Needs Program the National Science Foundation},
  year    = {1976},
  month   = {October}
}